@inproceedings{mellinger2011minimum,
  title={Minimum snap trajectory generation and control for quadrotors},
  author={Mellinger, Daniel and Kumar, Vijay},
  booktitle={2011 IEEE international conference on robotics and automation},
  pages={2520--2525},
  year={2011},
  organization={IEEE}
}

@article{van1998real,
  title={Real-time trajectory generation for differentially flat systems},
  author={Van Nieuwstadt, Michiel J and Murray, Richard M},
  journal={International Journal of Robust and Nonlinear Control: IFAC-Affiliated Journal},
  volume={8},
  number={11},
  pages={995--1020},
  year={1998},
  publisher={Wiley Online Library}
}

@article{loianno2016estimation,
  title={Estimation, control, and planning for aggressive flight with a small quadrotor with a single camera and IMU},
  author={Loianno, Giuseppe and Brunner, Chris and McGrath, Gary and Kumar, Vijay},
  journal={IEEE Robotics and Automation Letters},
  volume={2},
  number={2},
  pages={404--411},
  year={2016},
  publisher={IEEE}
}

@book{boyd2004convex,
  title={Convex optimization},
  author={Boyd, Stephen P and Vandenberghe, Lieven},
  year={2004},
  publisher={Cambridge university press}
}

@phdthesis{forster2016visual,
  title={Visual inertial odometry and active dense reconstruction for mobile robots},
  author={Forster, Christian},
  year={2016},
  school={University of Zurich}
}